<?xml version="1.0" encoding="UTF-8"?><collection xmlns="http://www.loc.gov/MARC21/slim"><record><leader>00483nam--2200181-i-4500</leader><controlfield tag="001">000004223</controlfield><controlfield tag="002">20161230</controlfield><controlfield tag="005">20161230201025</controlfield><controlfield tag="008">060222s1000------------r-----000-0-eng-d</controlfield><datafield ind1=" " ind2=" " tag="040"><subfield code="a">IFIN-HH</subfield></datafield><datafield ind1=" " ind2=" " tag="080"><subfield code="a">801.3232=20=30</subfield></datafield><datafield ind1="1" ind2=" " tag="100"><subfield code="a">Breul, Karl</subfield></datafield><datafield ind1="1" ind2="0" tag="245"><subfield code="a">Cassell's english and german dictionary</subfield><subfield code="c">Karl breul</subfield></datafield><datafield ind1=" " ind2=" " tag="250"><subfield code="a">Thirteenth Edition</subfield></datafield><datafield ind1=" " ind2=" " tag="260"><subfield code="a">London</subfield><subfield code="b">Cassell And Company, Ltd</subfield><subfield code="c">1956</subfield></datafield><datafield ind1=" " ind2=" " tag="300"><subfield code="a">III + 687 P</subfield></datafield><datafield ind1=" " ind2=" " tag="852"><subfield code="a">D.57</subfield><subfield code="c">SLCH</subfield></datafield><datafield ind1=" " ind2=" " tag="CAT"><subfield code="a">Sys</subfield><subfield code="c">20130227</subfield><subfield code="h">155349</subfield></datafield></record></collection>